@book{Ruben2008,
	title={Desenvolvimento de uma Ferramenta para
	Aconselhamento na Escolha da Classe de
	Rendimento de Motores Eléctricos},
	author={António Ruben Pinheiro Duarte Neves},
	publisher={Faculdade de Engenharia da Universidade do Porto},
	year={2008},
	month  = {Março},
	address={Porto, Portugal},
}



@book{Costa2006,
	title = {MÁQUINAS DE INDUÇÃO TRIFÁSICAS},
	author = {Artur Costa},
	year = {2006},
	month  = {Março},
	publisher={Faculdade de Engenharia da Universidade do Porto},
	chapter = {2},
}

@book{Viana2012,
	title={EFICIÊNCIA ENERGÉTICA:
	FUNDAMENTOS E APLICAÇÕES},
	author={Augusto Nelson Carvalho Viana},
	year={2012},
	publisher={FUPAI - Fundação de Pesquisa e Assessoramento à Indústria}
}

@online{WEG,
	title = {Oportunidades em Eficiência Energética},
	author = {WEG},
	date = {10},
	month = {Mar},
	year = {2009},
	url = {http://www.weg.net/institutional/BR/pt/news/geral/oportunidades-em-eficiencia-energetica},
	note = {Acessado em 15 de Novembro de 2017},
}


@ARTICLE{TemperatureRise, 
	author={K. H. Seong and J. Hwang and J. Shim and H. W. Cho}, 
	journal={IEEE Transactions on Magnetics}, 
	title={Investigation of Temperature Rise in an Induction Motor Considering the Effect of Loading}, 
	year={2014}, 
	volume={50}, 
	number={11}, 
	pages={1-4}, 
	keywords={design of experiments;induction motors;machine tool spindles;response surface methodology;thermal resistance;constant-torque operating range;design of experiment;induction motor;machine tool spindles;response surface methodology techniques;second-order fitted power-loss distribution model;temperature rise;thermal resistance model;Copper;Induction motors;Load modeling;Rotors;Stator cores;Thermal resistance;Torque;Design of experiment (DOE);induction motor;machine tool spindles;response surface methodology (RSM);temperature}, 
	doi={10.1109/TMAG.2014.2327112}, 
	ISSN={0018-9464}, 
	month={Nov},}


@article {tempcarc,
	author  = "Rafael Pinto and Teresa Assunção and José Assunção",
	title   = "Monitoramento do comportamento térmico do motor de indução a partir da temperatura da carcaça.",
	year    = "2014",
	journal = "Congresso Brasileiro de Automática",
}

@ARTICLE {QEE,
	author  = "Gilvan Cunha and Eduardo Simas Filho and Daniel Barbosa",
	title   = "Caracterização térmica de motores de indução monofásico operando em condições de distúrbios da QEE.",
	year    = "2014"
}

@book{Pereira2006,
	author = {Adriano Holanda Pereira},
	title = {FREIO ELETROMAGNÉTICO PARA ENSAIOS DE MOTORES DE INDUÇÃO},
	year = {2006},
	chapter = {5},
}


@manual{NBR,
	author = {{NBR 6146}},
	title = {Invólucros de equipamentos elétricos - Proteção},
	year = {2013},
	subtitle = {Proteção},
}

@book{NBR17094,
	author = {{NBR 17094-1}},
	title = {Máquinas elétricas girantes — Motores de indução
	Parte 1: Trifásicos},
	year = {2013},
	subtitle = {Motores de indução},
}

@manual{DT,
	author = {WEG},
	editor = {editor},
	title = {Motores elétricos assíncronos e síncronos de média tensão - especificação, características e manutenção},
	year = {2015},
}

@online{Eletricista2017,
	author = {Luiz Jacques},
	title = {ESTUDANDO O FUNCIONAMENTO DOS MOTORES DE INDUÇÃO TRIFÁSICO},
	date = {21},
	month = {Janeiro},
	year = {2014},
	url = {http://www.portaleletricista.com.br/motores-de-inducao/},
	note = {Acessado em 18 de Novembro de 2017},
}



@book{W22,
	author = {WEG},
	title = {Motor Elétrico Trifásico - Linha W22},
	month = {Agosto},
	year = {2017},
}


@online{CatalogoWEG,
	author = {WEG},
	title = {Guia de Treinamento Técnico Comercial
	Motor Elétrico},
	url=
	{http://ecatalog.weg.net/files/wegnet/WEG-guia-pratico-de-treinamento-de-motores-eletricos-50009256-guia-rapido-portugues-br.pdf},
	month = {Março},
    year = {2016},
    note = {Acessado em 07 de Agosto de 2017},
}

@book{Del,
	author = {Vicent Del Toro},
	title = {Fundamentos de Máquinas Elétricas},
	editor = {LTC},
	year = {2006},
}

@online{desempenhoWEG,
	author = {WEG},
	title = {Curvas características de motor},
	note = {18/11/2017},
	url = {http://ecatalog.weg.net/tec_cat/tech_motor_curva_web.asphttp://ecatalog.weg.net/tec_cat/tech_motor_curva_web.asp},
	month = {Novembro},
	year = {2017},
}

@manual{DaSilva,
	author = {Marcos Antônio da Silva},
	title = {AVALIAÇÃO DE PARÂMETROS TÉCNICOS E ECONÔMICOS NA SUBSTITUIÇÃO DE MOTORES DE INDUÇÃO TRIFÁSICOS DE 1 CV A 10 CV},
	month = {Dezembro},
	year = {2009},
}

@book{Chapman,
	author = {Stephen J. Chapman },
	title = {Fundamentos de máquinas elétricas},
	editor = {McGraw-Hill},
	year = {2013},
}

@manual{Yamachita,
	author = {Roberto Akira Yamachita},
	title = {Determinação de perdas e rendimento em motores elétricos
	empregando termografia infravermelha.},
	month = {Dezembro},
	year = {2013},
}

@online{arduino,
	author = {Arduíno},
	title = {Arduíno Overview},
	note = {Acessado em 24 de Novemrbo de 2017},
	url = {https://www.arduino.cc/},
	month = {Novembro},
	year = {2017},
}




@book{IEC,
author = {{IEC 60034-5}},
title = {GRAUS DE PROTEÇÃO PROPORCIONADOS (CÓDIGO IP) – CLASSIFICAÇÃO},
year = {2009},
}





@online{Fernandes2015,
	author = {Viviane Kettermann Fernandes},
	editor = {editor},
	title = {Materiais dielétricos},
	url = {http://engenheirodemateriais.com.br/tag/isolantes/},
	month = {Novembro},
	year = {2015},
}
